@article{church,
    title={Church: a language for generative models},
    author={Goodman, Noah and Mansinghka, Vikash and Roy, Daniel and Bonawitz, Keith and Tarlow, Daniel},
    journal={arXiv preprint arXiv:1206.3255},
    year={2012}
}

@article{blog,
    title={1 BLOG: Probabilistic Models with Unknown Objects},
    author={Milch, Brian and Marthi, Bhaskara and Russell, Stuart and Sontag, David and Ong, Daniel L and Kolobov, Andrey},
    journal={Introduction to statistical relational learning},
    pages={373},
    year={2007},
    publisher={The MIT Press}
}

@misc{stan,
    author = {{Stan Development Team}},
    year = 2013,
    title = {Stan: A C++ Library for Probability
             and Sampling, Version 1.1},
    url = {http://mc-stan.org/}
}

@article{bugs,
  title={BUGS 0.5: Bayesian inference using Gibbs sampling manual (version ii)},
  author={Spiegelhalter, David and Thomas, Andrew and Best, Nicky and Gilks, Wally},
  journal={MRC Biostatistics Unit, Institute of Public Health, Cambridge, UK},
  year={1996}
}
