@article{richardson2006markov, title={Markov logic networks},
    author={Richardson, Matthew and Domingos, Pedro}, journal={Machine
        learning}, volume={62}, number={1-2}, pages={107--136}, year={2006},
    publisher={Springer} }
    

@article{poole1997independent, title={The independent choice logic for modelling
    multiple agents under uncertainty}, author={Poole, David},
journal={Artificial Intelligence}, volume={94}, number={1}, pages={7--56},
year={1997}, publisher={Elsevier} }

@article{lunn2000winbugs, title={WinBUGS-a Bayesian modelling framework:
    concepts, structure, and extensibility}, author={Lunn, David J and Thomas,
        Andrew and Best, Nicky and Spiegelhalter, David}, journal={Statistics
            and computing}, volume={10}, number={4}, pages={325--337},
        year={2000}, publisher={Springer} }

@inproceedings{plummer2003jags, title={JAGS: A program for analysis of Bayesian
    graphical models using Gibbs sampling}, author={Plummer, Martyn},
booktitle={Proceedings of the 3rd International Workshop on Distributed
    Statistical Computing (DSC 2003). March}, pages={20--22}, year={2003} }


@article{milch20071, title={1 BLOG: Probabilistic Models with Unknown Objects},
    author={Milch, Brian and Marthi, Bhaskara and Russell, Stuart and Sontag,
        David and Ong, Daniel L and Kolobov, Andrey}, journal={Introduction to
            statistical relational learning}, pages={373}, year={2007},
        publisher={The MIT Press} }

@article{goodman2012church, title={Church: a language for generative models},
    author={Goodman, Noah and Mansinghka, Vikash and Roy, Daniel and Bonawitz,
        Keith and Tarlow, Daniel}, journal={arXiv preprint arXiv:1206.3255},
    year={2012} }
    

@article{duane1987hybrid,
  title={Hybrid monte carlo},
  author={Duane, Simon and Kennedy, Anthony D and Pendleton, Brian J and
      Roweth, Duncan},
  journal={Physics letters B},
  volume={195},
  number={2},
  pages={216--222},
  year={1987},
  publisher={Elsevier}
}
